
@article{nov_what_2007,
	title = {What motivates Wikipedians?},
	volume = {50},
	issn = {00010782},
	url = {http://portal.acm.org/citation.cfm?doid=1297797.1297798},
	doi = {10.1145/1297797.1297798},
	pages = {60--64},
	number = {11},
	journaltitle = {Communications of the {ACM}},
	shortjournal = {Commun. {ACM}},
	author = {Nov, Oded},
	urldate = {2019-12-01},
	date = {2007-11-01},
	langid = {english},
	file = {Nov - 2007 - What motivates Wikipedians.pdf:files/14/Nov - 2007 - What motivates Wikipedians.pdf:application/pdf}
}

@article{crowston_stages_2018,
	title = {Stages of motivation for contributing user-generated content: A theory and empirical test},
	volume = {109},
	issn = {10715819},
	url = {https://linkinghub.elsevier.com/retrieve/pii/S107158191730126X},
	doi = {10.1016/j.ijhcs.2017.08.005},
	shorttitle = {Stages of motivation for contributing user-generated content},
	pages = {89--101},
	journaltitle = {International Journal of Human-Computer Studies},
	shortjournal = {International Journal of Human-Computer Studies},
	author = {Crowston, Kevin and Fagnot, Isabelle},
	urldate = {2019-12-01},
	date = {2018-01},
	langid = {english}
}

@article{crowston_free/libre_2012,
	title = {Free/Libre open-source software development: What we know and what we do not know},
	volume = {44},
	issn = {03600300},
	url = {http://dl.acm.org/citation.cfm?doid=2089125.2089127},
	doi = {10.1145/2089125.2089127},
	shorttitle = {Free/Libre open-source software development},
	pages = {1--35},
	number = {2},
	journaltitle = {{ACM} Computing Surveys},
	shortjournal = {{ACM} Comput. Surv.},
	author = {Crowston, Kevin and Wei, Kangning and Howison, James and Wiggins, Andrea},
	urldate = {2019-12-01},
	date = {2012-02-01},
	langid = {english}
}

@inproceedings{butler_dont_2008,
	location = {Florence, Italy},
	title = {Don't look now, but we've created a bureaucracy: the nature and roles of policies and rules in wikipedia},
	isbn = {978-1-60558-011-1},
	url = {http://portal.acm.org/citation.cfm?doid=1357054.1357227},
	doi = {10.1145/1357054.1357227},
	shorttitle = {Don't look now, but we've created a bureaucracy},
	eventtitle = {Proceeding of the twenty-sixth annual {CHI} conference},
	pages = {1101},
	booktitle = {Proceeding of the twenty-sixth annual {CHI} conference on Human factors in computing systems  - {CHI} '08},
	publisher = {{ACM} Press},
	author = {Butler, Brian and Joyce, Elisabeth and Pike, Jacqueline},
	urldate = {2019-12-01},
	date = {2008},
	langid = {english}
=======
@article{corciolaniGiftgivingSharingCommodity2014,
	title = {Gift-{Giving}, sharing and commodity exchange at {\textless}span class="nocase"{\textgreater}{Bookcrossing}{\textless}/span{\textgreater}.{Com}: new insights from a qualitative analysis},
	volume = {52},
	issn = {0025-1747},
	shorttitle = {Gift-{Giving}, sharing and commodity exchange at {\textless}span class="nocase"{\textgreater}{Bookcrossing}{\textless}/span{\textgreater}.{Com}},
	doi = {10.1108/MD-03-2012-0241},
	language = {English},
	number = {4},
	journal = {Management Decision},
	author = {Corciolani, Matteo and Dalli, Daniele},
	editor = {Simone Guercini, Professor},
	month = may,
	year = {2014},
	pages = {755--776}
}

@article{ryanIntrinsicExtrinsicMotivations2000,
	title = {Intrinsic and {\textless}span class="nocase"{\textgreater}{Extrinsic} {Motivations}{\textless}/span{\textgreater}: {\textless}span class="nocase"{\textgreater}{Classic} {Definitions}{\textless}/span{\textgreater} and {\textless}span class="nocase"{\textgreater}{New} {Directions}{\textless}/span{\textgreater}},
	volume = {25},
	issn = {0361476X},
	shorttitle = {Intrinsic and {\textless}span class="nocase"{\textgreater}{Extrinsic} {Motivations}{\textless}/span{\textgreater}},
	doi = {10.1006/ceps.1999.1020},
	language = {English},
	number = {1},
	journal = {Contemporary Educational Psychology},
	author = {Ryan, Richard M. and Deci, Edward L.},
	month = jan,
	year = {2000},
	pages = {54--67}
}

@article{TypesCommunityActivity2012,
  langid = {american},
  title = {Types {{Of Community And Activity Within The Community}}},
  url = {https://www.feverbee.com/types-of-community-and-activity-within-the-community/},
  abstract = {The type of community changes what happens in the community. A common mistake is not to align what happens in the community with its type. Before we begin, letâ€™s be clear about what we mean by community. We mean a group of people that have developed relationships around a strong common interest...},
  journaltitle = {FeverBee},
  urldate = {2019-12-01},
  date = {2012-10-08T07:30:00+00:00}
}