
@article{lindberg_coordinating_2016,
	title = {Coordinating {Interdependencies} in {Online} {Communities}: {A} {Study} of an {Open} {Source} {Software} {Project}},
	volume = {27},
	issn = {1047-7047, 1526-5536},
	shorttitle = {Coordinating {Interdependencies} in {Online} {Communities}},
	url = {http://pubsonline.informs.org/doi/10.1287/isre.2016.0673},
	doi = {10.1287/isre.2016.0673},
	language = {en},
	number = {4},
	urldate = {2019-12-01},
	journal = {Information Systems Research},
	author = {Lindberg, Aron and Berente, Nicholas and Gaskin, James and Lyytinen, Kalle},
	month = dec,
	year = {2016},
	pages = {751--772}
}

@article{nov_what_2007,
	title = {What motivates {Wikipedians}?},
	volume = {50},
	issn = {00010782},
	url = {http://portal.acm.org/citation.cfm?doid=1297797.1297798},
	doi = {10.1145/1297797.1297798},
	language = {en},
	number = {11},
	urldate = {2019-12-01},
	journal = {Communications of the ACM},
	author = {Nov, Oded},
	month = nov,
	year = {2007},
	pages = {60--64}
}

@inproceedings{vasilescu_quality_2015,
	address = {Bergamo, Italy},
	title = {Quality and productivity outcomes relating to continuous integration in {GitHub}},
	isbn = {978-1-4503-3675-8},
	url = {http://dl.acm.org/citation.cfm?doid=2786805.2786850},
	doi = {10.1145/2786805.2786850},
	language = {en},
	urldate = {2019-12-01},
	booktitle = {Proceedings of the 2015 10th {Joint} {Meeting} on {Foundations} of {Software} {Engineering} - {ESEC}/{FSE} 2015},
	publisher = {ACM Press},
	author = {Vasilescu, Bogdan and Yu, Yue and Wang, Huaimin and Devanbu, Premkumar and Filkov, Vladimir},
	year = {2015},
	pages = {805--816}
}